<record><leader>00000cas a22000007a 4500</leader><controlfield tag="001">17063621</controlfield><controlfield tag="008">871125d19651988nyuwr ne      0    0eng d</controlfield><datafield ind1=" " ind2=" " tag="010"><subfield code="a">sn 87070421 </subfield></datafield><datafield ind1=" " ind2=" " tag="040"><subfield code="a">NYS</subfield><subfield code="b">eng</subfield><subfield code="c">NYS</subfield><subfield code="d">NSD</subfield><subfield code="d">NYG</subfield><subfield code="d">NYS</subfield><subfield code="d">OCLCQ</subfield></datafield><datafield ind1=" " ind2=" " tag="042"><subfield code="a">msc</subfield></datafield><datafield ind1="0" ind2="4" tag="245"><subfield code="a">The Standard press.</subfield></datafield><datafield ind1=" " ind2=" " tag="260"><subfield code="a">Hoosick Falls, N.Y. :</subfield><subfield code="b">Hoosick Falls Standard Press</subfield></datafield><datafield ind1=" " ind2=" " tag="300"><subfield code="a">v.</subfield></datafield><datafield ind1=" " ind2=" " tag="310"><subfield code="a">Weekly</subfield></datafield><datafield ind1="0" ind2=" " tag="362"><subfield code="a">Vol. 92, no. 48 (July 8, 1965)-v. 112, no. 11 (Mar. 16, 1988).</subfield></datafield><datafield ind1=" " ind2=" " tag="515"><subfield code="a">Vol. 93 misnumbered v. 18.</subfield></datafield><datafield ind1=" " ind2="4" tag="651"><subfield code="a">Hoosick Falls (N.Y.)</subfield><subfield code="v">Newspapers.</subfield></datafield><datafield ind1=" " ind2=" " tag="752"><subfield code="a">United States</subfield><subfield code="b">New York</subfield><subfield code="c">Rensselaer</subfield><subfield code="d">Hoosick Falls.</subfield></datafield><datafield ind1="0" ind2="0" tag="780"><subfield code="t">Hoosick Falls standard press</subfield><subfield code="w">(DLC)sn 87070423</subfield></datafield><datafield ind1="0" ind2="7" tag="785"><subfield code="t">Washington County post (Salem, N.Y. : 1837)</subfield><subfield code="w">(DLC)sn 83031651</subfield><subfield code="w">(OCoLC)9941339</subfield></datafield><datafield ind1="0" ind2="7" tag="785"><subfield code="t">Press &amp; post</subfield><subfield code="x">1040-0737</subfield><subfield code="w">(DLC)sn 88074178</subfield><subfield code="w">(OCoLC)17843116</subfield></datafield><datafield ind1="1" ind2=" " tag="029"><subfield code="a">AU@</subfield><subfield code="b">000025797830</subfield></datafield></record>